%YAML 1.1
%TAG !u! tag:unity3d.com,2011:
--- !u!114 &11400000
MonoBehaviour:
  m_ObjectHideFlags: 0
  m_PrefabParentObject: {fileID: 0}
  m_PrefabInternal: {fileID: 0}
  m_GameObject: {fileID: 0}
  m_Enabled: 1
  m_EditorHideFlags: 0
  m_Script: {fileID: 11500000, guid: 9f1409ee6716d384aa8a2d583eb9467f, type: 3}
  m_Name: Zombie Brain
  m_EditorClassIdentifier: 
  guid: bfea174d-acf4-4db4-a4dc-eb45f09a8990
  m_comments: An extremely simple zombie brain for Unity's Survival Shooter tutorial.
  m_observers:
  - {fileID: 114787017555408158}
  - {fileID: 114340470605517904}
  - {fileID: 114795647066975716}
  m_decisions:
  - {fileID: 114088681144744708}
  - {fileID: 114860279712117350}
  - {fileID: 114530055150742672}
  m_actions:
  - {fileID: 114777797482927236}
  - {fileID: 114009074349136444}
  - {fileID: 114275148954841984}
  m_conditions:
  - {fileID: 114681877841413540}
  - {fileID: 114210174558806732}
  - {fileID: 114109861796218668}
  - {fileID: 114968257097928974}
  m_connections:
  - {fileID: 114980602224317628}
  - {fileID: 114764986264800536}
  - {fileID: 114309697016466568}
  - {fileID: 114138753780150732}
  - {fileID: 114677152902911566}
  - {fileID: 114904844609355848}
  - {fileID: 114734788866188016}
  m_variables:
  - {fileID: 114696345995417286}
  - {fileID: 114788831942393526}
--- !u!114 &114009074349136444
MonoBehaviour:
  m_ObjectHideFlags: 1
  m_PrefabParentObject: {fileID: 0}
  m_PrefabInternal: {fileID: 0}
  m_GameObject: {fileID: 0}
  m_Enabled: 1
  m_EditorHideFlags: 0
  m_Script: {fileID: 11500000, guid: 41701c0fa3715954594acefcc76d1463, type: 3}
  m_Name: Stop
  m_EditorClassIdentifier: 
  m_comments: 
  m_isEnabled: 1
  m_Id: -38904
  m_modulePosition: {x: -360, y: -216}
--- !u!114 &114088681144744708
MonoBehaviour:
  m_ObjectHideFlags: 1
  m_PrefabParentObject: {fileID: 0}
  m_PrefabInternal: {fileID: 0}
  m_GameObject: {fileID: 0}
  m_Enabled: 1
  m_EditorHideFlags: 0
  m_Script: {fileID: 11500000, guid: 01c3aa4e92ee0ac4c8bb9cc81f042516, type: 3}
  m_Name: Die
  m_EditorClassIdentifier: 
  m_comments: 
  m_isEnabled: 1
  m_Id: -243008
  m_modulePosition: {x: -612, y: -216}
  m_isInterruptable: 1
  m_priority: 3
  m_runType: 0
  m_focusWhenSelected: 0
  m_scoreBoostOnFocus: 1
--- !u!114 &114109861796218668
MonoBehaviour:
  m_ObjectHideFlags: 1
  m_PrefabParentObject: {fileID: 0}
  m_PrefabInternal: {fileID: 0}
  m_GameObject: {fileID: 0}
  m_Enabled: 1
  m_EditorHideFlags: 0
  m_Script: {fileID: 11500000, guid: 012d7bdfde6692242bbea10db8ee9fdd, type: 3}
  m_Name: Is Player Alive -> Decision
  m_EditorClassIdentifier: 
  m_comments: 
  m_Id: -37728
  compareValue: 0
  comparison: 1
--- !u!114 &114138753780150732
MonoBehaviour:
  m_ObjectHideFlags: 1
  m_PrefabParentObject: {fileID: 0}
  m_PrefabInternal: {fileID: 0}
  m_GameObject: {fileID: 0}
  m_Enabled: 1
  m_EditorHideFlags: 0
  m_Script: {fileID: 1365000671, guid: 56b936e8be838fc40a3e7cb0994f66c6, type: 3}
  m_Name: Victory -> Stop
  m_EditorClassIdentifier: 
  connectionType: 0
  weight: 1
  m_conditionId: 0
  m_sourceId: -33796
  m_targetId: -38904
--- !u!114 &114210174558806732
MonoBehaviour:
  m_ObjectHideFlags: 1
  m_PrefabParentObject: {fileID: 0}
  m_PrefabInternal: {fileID: 0}
  m_GameObject: {fileID: 0}
  m_Enabled: 1
  m_EditorHideFlags: 0
  m_Script: {fileID: 11500000, guid: 012d7bdfde6692242bbea10db8ee9fdd, type: 3}
  m_Name: Is Enemy Alive -> Die
  m_EditorClassIdentifier: 
  m_comments: 
  m_Id: -244352
  compareValue: 0
  comparison: 1
--- !u!114 &114275148954841984
MonoBehaviour:
  m_ObjectHideFlags: 1
  m_PrefabParentObject: {fileID: 0}
  m_PrefabInternal: {fileID: 0}
  m_GameObject: {fileID: 0}
  m_Enabled: 1
  m_EditorHideFlags: 0
  m_Script: {fileID: 11500000, guid: dd7aa8590181b8349bb427a94b8ffd38, type: 3}
  m_Name: Move
  m_EditorClassIdentifier: 
  m_comments: 
  m_isEnabled: 1
  m_Id: -29564
  m_modulePosition: {x: -360, y: -360}
  stoppingDistance: 1.2
  vector3VariableName: Player Position
--- !u!114 &114309697016466568
MonoBehaviour:
  m_ObjectHideFlags: 1
  m_PrefabParentObject: {fileID: 0}
  m_PrefabInternal: {fileID: 0}
  m_GameObject: {fileID: 0}
  m_Enabled: 1
  m_EditorHideFlags: 0
  m_Script: {fileID: 1365000671, guid: 56b936e8be838fc40a3e7cb0994f66c6, type: 3}
  m_Name: Attack Player -> Attack
  m_EditorClassIdentifier: 
  connectionType: 0
  weight: 2
  m_conditionId: 0
  m_sourceId: -28662
  m_targetId: -59790
--- !u!114 &114340470605517904
MonoBehaviour:
  m_ObjectHideFlags: 1
  m_PrefabParentObject: {fileID: 0}
  m_PrefabInternal: {fileID: 0}
  m_GameObject: {fileID: 0}
  m_Enabled: 1
  m_EditorHideFlags: 0
  m_Script: {fileID: 11500000, guid: 01668d0e7df4fab4bb329e9fd981b97a, type: 3}
  m_Name: Is Player Alive
  m_EditorClassIdentifier: 
  m_comments: 
  m_isEnabled: 1
  m_Id: -34214
  m_modulePosition: {x: -888, y: -288}
  output: 0
  healthVariableName: Player Health
--- !u!114 &114530055150742672
MonoBehaviour:
  m_ObjectHideFlags: 1
  m_PrefabParentObject: {fileID: 0}
  m_PrefabInternal: {fileID: 0}
  m_GameObject: {fileID: 0}
  m_Enabled: 1
  m_EditorHideFlags: 0
  m_Script: {fileID: 11500000, guid: 01c3aa4e92ee0ac4c8bb9cc81f042516, type: 3}
  m_Name: Attack Player
  m_EditorClassIdentifier: 
  m_comments: 
  m_isEnabled: 1
  m_Id: -28662
  m_modulePosition: {x: -612, y: -360}
  m_isInterruptable: 1
  m_priority: 1
  m_runType: 0
  m_focusWhenSelected: 0
  m_scoreBoostOnFocus: 1
--- !u!114 &114677152902911566
MonoBehaviour:
  m_ObjectHideFlags: 1
  m_PrefabParentObject: {fileID: 0}
  m_PrefabInternal: {fileID: 0}
  m_GameObject: {fileID: 0}
  m_Enabled: 1
  m_EditorHideFlags: 0
  m_Script: {fileID: 1365000671, guid: 56b936e8be838fc40a3e7cb0994f66c6, type: 3}
  m_Name: Is Player Alive -> Victory
  m_EditorClassIdentifier: 
  connectionType: 1
  weight: 1
  m_conditionId: -37728
  m_sourceId: -34214
  m_targetId: -33796
--- !u!114 &114681877841413540
MonoBehaviour:
  m_ObjectHideFlags: 1
  m_PrefabParentObject: {fileID: 0}
  m_PrefabInternal: {fileID: 0}
  m_GameObject: {fileID: 0}
  m_Enabled: 1
  m_EditorHideFlags: 0
  m_Script: {fileID: 11500000, guid: 012d7bdfde6692242bbea10db8ee9fdd, type: 3}
  m_Name: Is Agent Alive -> Die
  m_EditorClassIdentifier: 
  m_comments: 
  m_Id: -287330
  compareValue: 0
  comparison: 1
--- !u!114 &114696345995417286
MonoBehaviour:
  m_ObjectHideFlags: 1
  m_PrefabParentObject: {fileID: 0}
  m_PrefabInternal: {fileID: 0}
  m_GameObject: {fileID: 0}
  m_Enabled: 1
  m_EditorHideFlags: 0
  m_Script: {fileID: 11500000, guid: ad8e58926865f454593ed28b2e4ead6a, type: 3}
  m_Name: Player Position
  m_EditorClassIdentifier: 
  value: {x: 0, y: 0, z: 0}
--- !u!114 &114734788866188016
MonoBehaviour:
  m_ObjectHideFlags: 1
  m_PrefabParentObject: {fileID: 0}
  m_PrefabInternal: {fileID: 0}
  m_GameObject: {fileID: 0}
  m_Enabled: 1
  m_EditorHideFlags: 0
  m_Script: {fileID: 1365000671, guid: 56b936e8be838fc40a3e7cb0994f66c6, type: 3}
  m_Name: Get Player Position -> Attack Player
  m_EditorClassIdentifier: 
  connectionType: 1
  weight: 1
  m_conditionId: -29036
  m_sourceId: -26168
  m_targetId: -28662
--- !u!114 &114764986264800536
MonoBehaviour:
  m_ObjectHideFlags: 1
  m_PrefabParentObject: {fileID: 0}
  m_PrefabInternal: {fileID: 0}
  m_GameObject: {fileID: 0}
  m_Enabled: 1
  m_EditorHideFlags: 0
  m_Script: {fileID: 1365000671, guid: 56b936e8be838fc40a3e7cb0994f66c6, type: 3}
  m_Name: Die -> Stop
  m_EditorClassIdentifier: 
  connectionType: 0
  weight: 1
  m_conditionId: 0
  m_sourceId: -243008
  m_targetId: -38904
--- !u!114 &114777797482927236
MonoBehaviour:
  m_ObjectHideFlags: 1
  m_PrefabParentObject: {fileID: 0}
  m_PrefabInternal: {fileID: 0}
  m_GameObject: {fileID: 0}
  m_Enabled: 1
  m_EditorHideFlags: 0
  m_Script: {fileID: 11500000, guid: 76eb6adb95c254d4c8629520446bd335, type: 3}
  m_Name: Attack
  m_EditorClassIdentifier: 
  m_comments: 
  m_isEnabled: 1
  m_Id: -59790
  m_modulePosition: {x: -360, y: -288}
  attackRadius: 1.2
  timeBetweenAttacks: 0.5
  damage: 10
  vector3VariableName: Player Position
  playerHealthVariableName: Player Health
--- !u!114 &114787017555408158
MonoBehaviour:
  m_ObjectHideFlags: 1
  m_PrefabParentObject: {fileID: 0}
  m_PrefabInternal: {fileID: 0}
  m_GameObject: {fileID: 0}
  m_Enabled: 1
  m_EditorHideFlags: 0
  m_Script: {fileID: 11500000, guid: 3001aa46afa07400898847a27d727587, type: 3}
  m_Name: Is Agent Alive
  m_EditorClassIdentifier: 
  m_comments: 
  m_isEnabled: 1
  m_Id: -286652
  m_modulePosition: {x: -888, y: -216}
  output: 0
--- !u!114 &114788831942393526
MonoBehaviour:
  m_ObjectHideFlags: 1
  m_PrefabParentObject: {fileID: 0}
  m_PrefabInternal: {fileID: 0}
  m_GameObject: {fileID: 0}
  m_Enabled: 1
  m_EditorHideFlags: 0
  m_Script: {fileID: 11500000, guid: 65cf0a50f08b4f54cbd8299f53793a75, type: 3}
  m_Name: Player Health
  m_EditorClassIdentifier: 
  value: {fileID: 0}
--- !u!114 &114795647066975716
MonoBehaviour:
  m_ObjectHideFlags: 1
  m_PrefabParentObject: {fileID: 0}
  m_PrefabInternal: {fileID: 0}
  m_GameObject: {fileID: 0}
  m_Enabled: 1
  m_EditorHideFlags: 0
  m_Script: {fileID: 11500000, guid: 5e396745c0a290841910ea3ed939015b, type: 3}
  m_Name: Get Player Position
  m_EditorClassIdentifier: 
  m_comments: 
  m_isEnabled: 1
  m_Id: -26168
  m_modulePosition: {x: -888, y: -360}
  output: 0
  vector3VariableName: Player Position
--- !u!114 &114860279712117350
MonoBehaviour:
  m_ObjectHideFlags: 1
  m_PrefabParentObject: {fileID: 0}
  m_PrefabInternal: {fileID: 0}
  m_GameObject: {fileID: 0}
  m_Enabled: 1
  m_EditorHideFlags: 0
  m_Script: {fileID: 11500000, guid: 01c3aa4e92ee0ac4c8bb9cc81f042516, type: 3}
  m_Name: Victory
  m_EditorClassIdentifier: 
  m_comments: 
  m_isEnabled: 1
  m_Id: -33796
  m_modulePosition: {x: -612, y: -288}
  m_isInterruptable: 1
  m_priority: 2
  m_runType: 0
  m_focusWhenSelected: 0
  m_scoreBoostOnFocus: 1
--- !u!114 &114904844609355848
MonoBehaviour:
  m_ObjectHideFlags: 1
  m_PrefabParentObject: {fileID: 0}
  m_PrefabInternal: {fileID: 0}
  m_GameObject: {fileID: 0}
  m_Enabled: 1
  m_EditorHideFlags: 0
  m_Script: {fileID: 1365000671, guid: 56b936e8be838fc40a3e7cb0994f66c6, type: 3}
  m_Name: Attack Player -> Move
  m_EditorClassIdentifier: 
  connectionType: 0
  weight: 1
  m_conditionId: 0
  m_sourceId: -28662
  m_targetId: -29564
--- !u!114 &114968257097928974
MonoBehaviour:
  m_ObjectHideFlags: 1
  m_PrefabParentObject: {fileID: 0}
  m_PrefabInternal: {fileID: 0}
  m_GameObject: {fileID: 0}
  m_Enabled: 1
  m_EditorHideFlags: 0
  m_Script: {fileID: 11500000, guid: 012d7bdfde6692242bbea10db8ee9fdd, type: 3}
  m_Name: Get Player Position -> Decision
  m_EditorClassIdentifier: 
  m_comments: 
  m_Id: -29036
  compareValue: 0
  comparison: 0
--- !u!114 &114980602224317628
MonoBehaviour:
  m_ObjectHideFlags: 1
  m_PrefabParentObject: {fileID: 0}
  m_PrefabInternal: {fileID: 0}
  m_GameObject: {fileID: 0}
  m_Enabled: 1
  m_EditorHideFlags: 0
  m_Script: {fileID: 1365000671, guid: 56b936e8be838fc40a3e7cb0994f66c6, type: 3}
  m_Name: Is Agent Alive -> Die
  m_EditorClassIdentifier: 
  connectionType: 1
  weight: 1
  m_conditionId: -287330
  m_sourceId: -286652
  m_targetId: -243008
--- !u!114 &114994425793707464
MonoBehaviour:
  m_ObjectHideFlags: 1
  m_PrefabParentObject: {fileID: 0}
  m_PrefabInternal: {fileID: 0}
  m_GameObject: {fileID: 0}
  m_Enabled: 1
  m_EditorHideFlags: 0
  m_Script: {fileID: 11500000, guid: 5ab776f4e221241609dfc420577fe289, type: 3}
  m_Name: Is Enemy Alive
  m_EditorClassIdentifier: 
  m_comments: 
  m_isEnabled: 1
  m_Id: -242520
  m_modulePosition: {x: -888, y: -216}
  <GameObject>k__BackingField: {fileID: 0}
  <Transform>k__BackingField: {fileID: 0}
  <Template>k__BackingField: {fileID: 0}
  <Brain>k__BackingField: {fileID: 0}
  output: 0
  enemyHealth: {fileID: 0}
